@misc{devSurvey,
  title = {Stack Overflow 2020 Developer Survey},
  howpublished = {https://insights.stackoverflow.com/survey/2020
  \#technology-web-frameworks},
  note = {Accessed: 2021-03-14}
}

@article{djangobook,
  author="Adrian Holovaty, Jacob Kaplan-Moss",
  title = "The Django Book",
  year = "2007",
}

@misc{djangoWhyViews,
  title = {Django Documentation - FAQ: General},
  howpublished = {https://docs.djangoproject.com/en/1.11/faq/
  general/\#django-appears-to-be-a-mvc-framework-but-you-call-the-controller-the-view-and-the-view-the-template-how-come-you-don-t-use-the-standard-names},
  note = {Accessed: 2021-03-14}
}